2850 4928
1098 166 1668 259 pancratio,
1753 156 1764 161 ⁴
1929 216 1934 221 κ
2363 200 2436 246 11

289 386 646 483 aliisque,
721 389 1091 479 (qnorum
1143 382 1371 460 libros
1417 381 1736 486 poffideo
1780 374 1995 485 ipse,f
2022 378 2466 479 saepiusque

293 488 680 579 tractavi,>
735 506 807 558 et
858 506 1133 584 praeter
1178 488 1313 562 hos
1359 490 1572 565 etiam
1614 514 1654 560 a
1700 493 2166 578 schleusnero
2213 484 2289 554 iu
2336 486 2439 556 le-

296 595 485 668 xico.
568 588 770 665 Mihi
820 614 994 661 vero
1046 588 1143 663 est
1187 589 1633 691 persuasum,
1685 597 2077 666 dialeetum
2111 592 2437 661 commu-

305 722 515 788 nem,
592 720 809 792 quam
876 690 1113 773 etiam,
1161 697 1709 768 macedonicam
1771 695 2127 796 quosdam
2187 688 2433 791 appel‹

311 797 484 872 laII'e
531 795 834 886 constat,
899 821 1043 894 qua
1084 794 1177 872 N.
1225 797 1316 870 T.
1373 810 1695 873 auctores
1748 799 1848 871 uli
1891 797 2095 890 suut,
2149 821 2431 867 accura-

315 902 457 975 tius
501 896 829 999 cognosci
882 899 1258 1000 aptiusque
1304 901 1592 1001 probari
1644 927 1684 974 e
1737 902 1979 995 libris,
2053 898 2192 972 nili
2231 924 2433 997 pror-

307 1005 425 1078 sus
461 1003 710 1079 eadem
731 1058 752 1095 ,
793 1023 990 1075 certe
1026 1024 1259 1078 tamen
1300 1007 1511 1104 louge
1540 1004 1896 1089 limillima
1926 1004 2235 1083 dialecto
2263 1025 2436 1073 eou-

303 1107 629 1208 scriptiS,
679 1124 897 1205 quam
938 1131 978 1178 e
1022 1107 1468 1182 clafficorum
1518 1109 2023 1183 monumentis.
2128 1104 2299 1180 Istos
2349 1105 2441 1176 li-

302 1211 483 1286 bros
536 1210 772 1285 fontes
826 1213 1288 1307 primarios,
1370 1212 1817 1288 clafficorum
1873 1233 2109 1285 autem
2175 1206 2436 1307 scripta

304 1319 549 1390 sontes
596 1317 1072 1396 ,secundarios
1113 1316 1203 1407 iri
1275 1315 1701 1417 explicando
1762 1314 2121 1392 scribendi
2180 1338 2440 1412 genere

308 1420 483 1493 novi
526 1418 717 1491 Test.
763 1417 1011 1493 habui.
1099 1422 1437 1495 Attamen
1477 1422 1625 1498 uhi
1672 1423 1787 1496 vel
1834 1420 2262 1499 vocabulum
2307 1415 2437 1487 ali-

309 1521 520 1620 quod
571 1522 792 1594 rarius
846 1549 1227 1598 occurrens
1274 1523 1828 1598 describendum
1871 1545 2055 1616 erat,
2126 1520 2239 1596 vel
2281 1519 2437 1607 eius

306 1626 735 1725 fignificatio
782 1651 823 1697 e
868 1628 1190 1705 fontibus
1241 1627 1598 1728 primariis
1637 1628 2104 1726 probari-nou
2135 1642 2439 1721 poterat,

216 1786 219 1789 .
311 1731 798 1831 profanorum
851 1730 1056 1804 etiam
1107 1732 1334 1805 libros
1382 1728 1663 1802 adferre
1709 1727 1914 1802 haud
1962 1724 2265 1824 ueglexi.

528 1864 592 1936 E
658 1866 915 1964 quibus
984 1880 1239 1943 tamen'
1291 1867 1497 1940 libris
1531 1880 1730 1966 'quae
1797 1864 1891 1938 ad
1944 1863 2439 1939 illustrandam

309 1967 756 2066 scriptorum
798 1968 887 2043 N.
921 1969 1001 2045 T.
1056 1970 1347 2044 dicendi
1389 1970 1740 2044 rationem
1784 1968 2166 2043 commode
2212 1967 2443 2068 repeti

308 2070 641 2172 pofl'uut,
702 2100 955 2171 magua
1007 2090 1177 2145 cum
1237 2074 1602 2171 diligentia
1713 2073 2040 2172 raecique
2090 2071 2437 2146 sermonis

319 2173 608 2247 scientia
664 2177 972 2248 collecta
1041 2198 1111 2249 et
1179 2175 1518 2275 dispolita
1573 2102 1792 2248 habet
1850 2183 1967 2252 W
1955 2180 2134 2250 asilii
2203 2175 2440 2251 Clavis

327 2273 422 2347 N.
462 2274 548 2348 T.
612 2277 1086 2376 philologica,
1165 2281 1293 2378 qui
1359 2278 1657 2380 quidem
1728 2279 1913 2352 liber
1993 2280 2181 2353 inter
2245 2276 2439 2351 illud

198 2392 201 2403 ³
315 2378 552 2479 ipsum
628 2402 913 2480 tempus
987 2382 1295 2483 prodiit,
1378 2409 1525 2482 quo
1604 2409 1735 2482 ego
1825 2383 1924 2454 in.
1988 2383 2134 2458 hoc
2204 2381 2446 2455 lexico

314 2482 820 2560 concinnando
890 2499 1277 2584 occupatus
1344 2487 1489 2580 fui,
1566 2509 1778 2584 atque
1852 2486 2052 2561 haud
2115 2487 2440 2586 exiguaxu

310 2584 687 2686 praebebit
719 2586 808 2659 iis
838 2587 1266 2684 utilitatem,
1315 2591 1478 2692 qui,
1530 2617 1679 2692 quo
1724 2591 1946 2666 modo
1992 2589 2136 2663 sese
2180 2589 2443 2662 habeat

317 2684 613 2760 dicendi
670 2716 899 2788 genus
956 2694 1125 2770 novi
1172 2693 1361 2768 Test.
1433 2692 1529 2766 ad
1597 2694 2041 2768 elafficorum
2092 2690 2438 2766 Graeciae

309 2811 688 2968 zue-torum
756 2791 1147 2874 dictionem
1166 2854 1188 2893 ,
1273 2796 1688 2873 adcuratius
1757 2798 2113 2878 voluerint
2172 2819 2441 2894 cogno·-

348 2917 539 2968 cere.
1566 2921 1572 2928 ·
2107 2929 2108 2932 ¹

518 3011 791 3090 Eorum
836 3039 1104 3112 autem,
1128 3036 1324 3118 quae
1358 3020 1444 3093 ad
1478 3015 2056 3095 confirmandum
2088 3011 2464 3116 loquendi³

309 3115 527 3192 usum
590 3115 838 3191 N.‘T.
900 3148 940 3193 e
1006 3123 1325 3200 verlione
1372 3123 1895 3212 Alexandrina,
1978 3117 2445 3220 apocryphis,

308 3220 638 3322 Josepho
680 3222 980 3320 aliisque
1030 3227 1495 3324 collegeram,
1543 3226 1950 3329 paucissima
1985 3222 2285 3321 quidem
2313 3219 2441 3295 ad-

314 3329 509 3397 ferre
557 3324 1044 3421 decreveram,
1119 3356 1211 3402 ne
1280 3319 1535 3429 justam
1601 3326 1984 3404 voluminis
2040 3322 2445 3401 mensuram

319 3425 513 3498 liber
560 3430 1202 3529 transgrederetur3
1287 3440 1505 3534 quare
1572 3432 1785 3506 etiam
1844 3431 1920 3502 iu
1947 3427 2344 3502 ..vocabulis
2396 3454 2440 3499 a

314 3527 551 3602 literis
600 3539 675 3607 A
686 3540 830 3624 ,B
844 3591 867 3624 ,
923 3539 1034 3628 Γ,
1092 3542 1161 3610 Δ
1202 3536 1713 3636 incipientibus
1754 3530 1949 3606 haud
1983 3532 2164 3604 adeo
2210 3530 2439 3603 multa

317 3631 651 3731 reperies.
753 3638 883 3732 At,
952 3667 1121 3711 cum
1172 3666 1356 3739 opus
1401 3667 1439 3713 e
1486 3644 1687 3738 prelo
1739 3634 2031 3735 prodire
2075 3630 2445 3733 incepiffet

314 3733 612 3835 ipseque
654 3738 1182 3834 intellexiss'em,
1260 3745 1468 3843 plura
1527 3739 1700 3814 addi
1757 3735 2139 3813 commode
2203 3734 2438 3838 polle,

315 3837 456 3931 ita,
510 3859 595 3912 ut·
628 3842 1155 3917 ultramodum
1202 3869 1489 3918 auctum
1518 3842 1655 3919 esse
1688 3842 1958 3918 nemini
1995 3840 2205 3913 facile
2244 3837 2443 3914 vide-

318 3963 557 4035 retur,
611 3943 936 4041 largiori,
988 3975 1168 4047 quae
1199 3948 1586 4041 habebam,
1625 3945 1813 4020 ,dedi
1843 3972 2094 4036 mauu,
2149 3972 2230 4028 ac
2258 3970 2440 4029 uon-
2515 3975 2530 4028 g

320 4043 526 4118 nulla
586 4073 879 4145 quoque
944 4045 1427 4124 additamenta
1489 4048 1584 4122 ad
1636 4051 1876 4123 literas
1936 4047 2207 4144 priores
2256 4044 2444 4118 calci

317 4148 495 4220 libri
535 4147 887 4245 subjicere
934 4150 1265 4251 statui,·a
1316 4152 1570 4255 quovis
1608 4154 1876 4229 lectore
1920 4149 2061 4223 suis
2111 4148 2291 4221 locis
2340 4147 2444 4221 fa·-

311 4249 461 4325 ciie
515 4250 854 4326 notanda.
1370 4265 1377 4270 ’
