2850 4928
404 220 476 285 'x
1204 231 1745 290 numu-no.

2511 370 2536 409 Χ

326 474 335 481 ,
626 414 931 494 silentio
981 434 1217 489 antem
1259 416 1732 492 transmittere
1780 440 1928 490 nou
1979 414 2255 514 poffltm
2313 418 2527 491 Gold-

419 523 704 609 hor-nii,
747 517 1085 593 Doctoris
1110 518 1199 592 Li
1202 518 1525 619 pfienfis,
1576 517 1760 593 mihi
1788 516 2215 605 amiciffimi,
2260 517 2351 594 de
2379 518 2526 595 hoc
2595 516 2604 521 ⁴

419 625 611 698 libro
677 620 962 715 merita,
1035 620 1304 722 quippe
1353 622 1487 722 qui
1535 650 1682 697 non
1734 620 2026 715 solum,
2080 648 2262 719 quae
2308 632 2527 698 rna'nu

417 725 869 821 scripseram,
929 724 1373 823 recognovit,
1427 724 1553 805 sed
1601 725 1813 798 etiam
1827 724 2126 822 lingula
2172 725 2410 798 folia
2391 754 2526 797 un-

479 827 687 924 resta,
754 856 795 901 a
845 827 1251 927 typothetae
1302 830 1610 929 peccatis
1658 855 1737 901 ea
1754 847 2242 947 ‘purgatur-m,
2286 828 2528 928 perlu-

418 857 674 1009 ssravit.
776 930 1050 1006 Paucos
1100 930 1315 1033 igitur
1359 931 1771 1005 hactenus
1752 959 1872 1004 inv
1877 930 1993 1004 eni
2049 955 2365 1024 error-ee,
2447 931 2527 1006 in

413 1036 734 1111 numeris
790 1034 1109 1133 capitum
1169 1056 1241 1120 et
1298 1034 1625 1109 versuum
1686 1033 1995 1107 maxime
2035 1030 2518 1151 conspicuos·
2502 1090 2524 1129 ,

418 1165 639 1257 quoe,
688 1163 779 1211 ne
831 1135 1131 1236 rigidius
1175 1139 1525 1239 vituperet
1568 1139 1833 1230 lector,
1894 1137 2194 1235 cogitet,
2242 1136 2524 1235 quaese,

416 1242 494 1317 in
541 1262 733 1316 tanta
774 1266 1239 1314 numerorum
1281 1242 1743 1319 multitudine
1788 1240 2150 1316 interdum
2200 1240 2355 1317 falli
2399 1267 2525 1314 ne-

415 1344 600 1420 mini
644 1343 1025 1419 hominum
1058 1371 1208 1419 non
1253 1344 1579 1420 accidere
1605 1345 1710 1443 *).
1973 1370 1976 1377 ”

616 1479 820 1567 Quid
850 1479 1158 1580 denique
1188 1482 1331 1554 hoc
1360 1481 1548 1555 libro
1579 1481 2061 1580 praestiterim,
2091 1480 2181 1554 de
2215 1506 2301 1556 eo
2334 1477 2524 1577 judi-

416 1584 612 1657 cium
634 1584 717 1656 fit
745 1610 962 1684 penes
991 1584 1322 1658 homines
1350 1583 1600 1658 doctos
1630 1607 1699 1659 et
1731 1612 2016 1683 aequos·
2070 1584 2259 1656 Mihi
2287 1606 2550 1665 tamen,

413 1686 1014 1786 acquiescendum
1045 1686 1180 1760 effe
1212 1688 1289 1758 in
1316 1714 1401 1761 eo
1417 1690 1731 1781 confido,
1765 1686 1964 1787 quod
1981 1687 2319 1761 verillime
2339 1688 2523 1758 affir-

360 1832 366 1838 ·
412 1816 611 1864 :mare
635 1791 841 1884 licet,
869 1816 986 1865 me
1020 1788 1340 1863 adhibita
1369 1790 1603 1882 omni,
1637 1818 1777 1889 qua
1812 1791 2099 1862 demum
2130 1790 2372 1889 potui,
2411 1787 2520 1860 di-

411 1892 744 1992 ligentia,
803 1891 1190 1966 constantia
1231 1914 1302 1971 et
1326 1894 1667 1990 patientia
1709 1895 1850 1970 hoc
1891 1920 2071 1993 opus
2118 1889 2520 1984 elaborass'e,
2631 1973 2644 1986 .

416 2022 828 2094 quanquam
886 1994 1145 2066 infitias
1211 1994 1317 2067 ire
1362 1994 1576 2086 n010,
1622 1996 1803 2068 vires
1851 1997 2240 2068 laborando
2285 2015 2516 2066 auctas

414 2096 591 2189 effe,
643 2095 957 2195 ideoque
1002 2095 1241 2169 literas
1279 2102 1347 2177 A
1387 2116 1459 2168 et
1508 2095 1879 2195 sequentes
1930 2100 2184 2175 melius
2238 2124 2512 2168 accura-
2559 2142 2570 2167 t

411 2200 696 2299 tiusque
746 2219 1065 2288 tractatas
1103 2198 1287 2275 mihi
1329 2198 1590 2291 videri,
1637 2228 1850 2300 quam
1879 2201 2194 2300 prioreS,
2231 2205 2514 2276 A-I,

358 2344 361 2347 >
414 2302 787 2383 Caeterum
839 2328 988 2375 non
1043 2299 1416 2375 defuturos
1468 2300 1671 2397 effe,
1723 2302 1850 2402 qui
1913 2305 2089 2378 haec
2136 2303 2343 2383 illave
2386 2300 2521 2372 lint

290 2448 295 2457 ·
410 2403 952 2506 reprehensuri,
1037 2402 1290 2503 (quod
1348 2405 1425 2480 in
1484 2404 1838 2481 eiusmodi
1900 2433 2114 2524 opere
2180 2405 2520 2482 facillime

409 2510 741 2610 profecto
785 2510 949 2602 fit),
999 2509 1182 2581 bene
1229 2508 1524 2626 quidem
1565 2508 1750 2603 scio,
1805 2531 1880 2582 at
1921 2511 2259 2583 extituros
2305 2509 2522 2580 etiam
2633 2599 2640 2612 ι

410 2610 550 2698 effe
610 2610 817 2711 spero
884 2638 1031 2685 non
1092 2611 1309 2688 nimis
1362 2640 1680 2712 paucos»,
1745 2638 2010 2709 aequos
2071 2611 2517 2709 laborisque,

465 2740 632 2788 uem
647 2642 1009 2804 psustinui,
1083 2736 1151 2787 et
1207 2716 1398 2814 ipsos
1461 2719 1728 2815 peritos
1793 2716 2102 2812 judices,
2183 2714 2309 2811 qui
2371 2739 2520 2784 nou

406 2742 644 2892 alum
694 2819 1005 2892 notaturi
1072 2817 1244 2911 lint,
1339 2847 1523 2918 quae
1583 2819 1829 2894 vitiosa
1885 2814 2518 2915 deprehenderint,

332 2939 337 2944 '
404 2919 535 2994 sed
581 2919 792 2993 etiam
837 2947 1023 3020 quae
1062 2942 1254 2994 recte
1286 2943 1358 2995 et
1393 2914 1716 2996 accurate
1758 2919 2064 3021 expolita
2097 2917 2517 3011 censuerint,

402 3022 829 3128 profeffuri.

480 3227 485 3234 .
605 3157 954 3231 Omnium
979 3181 1214 3233 autem
1242 3161 1627 3235 maximum
1655 3162 1924 3240 laboris
1956 3154 2287 3233 exantlati
2318 3179 2515 3255 prae-

404 3258 634 3331 mium
669 3260 808 3334 hoc
840 3260 1161 3355 habebo,
1213 3262 1265 3335 fi
1310 3266 1474 3363 qui,
1527 3265 1625 3337 ufi
1655 3265 1798 3339 hoc
1827 3266 2066 3353 libro,
2118 3289 2271 3332 eam
2299 3287 2516 3357 quam

406 3344 857 3460 speraverant
905 3365 1283 3442 utilitatem
1334 3395 1420 3441 ex
1464 3395 1550 3441 eo
1601 3367 1672 3441 se
1722 3363 2103 3482 percepi-[se
2147 3360 2513 3451 senserint,

406 3485 480 3539 et
507 3463 914 3540 adcuratam
947 3465 1301 3542 librorum
1330 3469 1735 3545 divinorum
1767 3468 2247 3566 coguitionem
2279 3462 2513 3560 (quod

406 3568 579 3641 faxit
624 3570 902 3661 Deus!)
963 3569 1104 3644 hoc
1164 3597 1326 3650 meo
1378 3600 1597 3680 opere
1652 3594 1928 3648 auctam
1985 3591 2055 3649 et
2109 3587 2512 3669 promotam

405 3667 543 3745 effe
591 3671 1086 3813 judicaverint.

575 3924 644 4005 *)
688 3927 882 4004 Quid,
950 3932 1116 4012 quod
1158 3935 1261 3994 vel
1301 3935 1435 4016 pest
1475 3951 1722 4015 quartas
1778 3955 1955 3994 curas
2003 3932 2070 3990 in
2124 3925 2515 3987 Schlemmrc

406 4010 636 4072 L⁸³¹⁰⁰
676 4034 743 4073 ¹¹¹
782 4013 983 4078 Ῑῑῑθΐὶδ
1019 4025 1245 4088 Α--Δ
1277 4019 1411 4083 fere
1452 4032 1700 4083 centum
1731 4039 1974 4082 errores
2020 4014 2163 4078 casu
2196 4011 2512 4075 annotavi.

1075 4225 1846 4262 m
