2850 4928
715 984 1835 1165 PRAErATiQ

192 1365 413 1474 Non
461 1399 724 1477 dubito
775 1405 1085 1501 futuros·
1109 1406 1244 1483 effe
1285 1406 1381 1483 sat
1431 1409 1731 1503 multOS,
1791 1409 1954 1509 qui,
1987 1402 2143 1483 'ubi
2185 1412 2329 1511 pri-
2432 1453 2435 1457 v

202 1526 413 1578 nium
452 1504 602 1578 hoc
645 1534 911 1583 novum
957 1509 1272 1593 Lexicon
1317 1510 1411 1585 N.
1445 1516 1536 1586 T.
1592 1510 2120 1611 conspexerint,
2167 1515 2326 1587 iuu-

130 1669 137 1675 .
205 1608 415 1680 tilem
454 1608 618 1707 post
666 1609 1217 1708 diligentiffimas
1244 1615 1318 1699 S.
1360 1613 1443 1691 V.
1474 1618 1921 1689 schleusner-i
1963 1644 2162 1691 curas
2211 1642 2325 1689 me

204 1707 461 1791 dicant
523 1710 888 1805 suscepiss‘e
946 1716 1286 1794 laborem.
1332 1768 1343 1787 .
1388 1715 1647 1814 Neque
1713 1744 1844 1815 ego
1896 1719 2050 1790 ullo
2099 1716 2319 1792 modo

206 1811 306 1884 de
350 1813 579 1886 huius
626 1817 925 1889 auctoris
983 1816 1255 1890 summa
1314 1819 1719 1894 eruditione
1766 1816 2328 1915 admirandaque

209 1913 619 1987 affiduitate
672 1917 1048 2017 quicquam
1117 1920 1489 1996 detrahere
1543 1923 1654 1995 vel
1701 1918 1856 2021 ipse'
1899 1918 2152 2011 aufim,
2209 1922 2324 1994 vel

211 2045 398 2115 quae
428 2019 501 2090 in
534 2019 684 2091 eius
711 2045 923 2119 opere
966 2023 1201 2097 minus
1234 2024 1615 2098 commode
1658 2024 1729 2097 se
1775 2024 2038 2098 habere
2073 2020 2323 2100 idonei

206 2120 469 2194 harum
534 2121 898 2197 literarum
946 2126 1192 2198 arbitri
1246 2127 1538 2226 publice
1599 2127 2004 2216 edixerunt,
2064 2154 2320 2225 parum

213 2222 526 2296 modeste
586 2246 938 2323 repetam,
999 2229 1110 2300 vel
1171 2228 1482 2327 denique
1548 2229 1626 2303 in
1682 2230 1868 2301 libro
1931 2229 2105 2319 viri,
2164 2235 2325 2325 jure.

223 2326 612 2424 meritoque
655 2328 857 2402 domi
903 2351 973 2403 ct
1011 2329 1185 2403 foris
1232 2357 1658 2431 magnopere
1708 2322 2082 2421 celebrati,
2135 2332 2319 2404 vitu-

212 2427 526 2524 perando
574 2429 892 2528 aliquam
942 2457 1103 2507 meo
1145 2433 1334 2512 libro
1381 2432 2078 2510 commendationem
2122 2429 2318 2533 apud

205 2531 505 2605 lectores
559 2559 803 2629 parare
856 2535 1092 2609 velim.
1191 2535 1574 2618 Eiusmodi,
1605 2538 1797 2618 euim
1841 2537 2045 2614 nullo
2090 2533 2314 2616 modo

200 2635 379 2730 opus
448 2635 546 2710 est
601 2634 908 2730 artibus,
988 2664 1217 2734 quum
1266 2640 1436 2728 libri
1487 2670 1527 2712 a
1581 2667 1694 2714 me
1742 2639 1920 2713 editi
1967 2666 2119 2712 non
2164 2637 2310 2712 hoc

197 2735 281 2808 lit
321 2738 743 2832 confilium,
805 2761 887 2813 ut
932 2764 1236 2840 occupet
1292 2744 1539 2824 locum
1598 2742 1833 2842 operis
1881 2737 2350 2824 schleusne-.,

196 2837 419 2931 riani,
486 2839 691 2939 quod
747 2837 1034 2914 maximi
1098 2872 1136 2914 a
1202 2844 1369 2916 viris
1416 2844 1666 2918 >doctis
1729 2871 2094 2942 nunquam
2157 2869 2308 2920 non

191 2942 616 3046 habebitur,
685 2945 955 3044 quippe
1011 2944 1320 3020 thesauri
1374 2946 1800 3047 philologici
1841 2944 2151 3044 speciem
2200 2971 2308 3016 re-

194 3048 471 3137 serens,
545 3046 625 3118 in
679 3073 827 3142 quo
888 3044 1343 3129 admirandae
1396 3049 1818 3124 eruditionis
1869 3049 2007 3147 ope
2051 3074 2340 3124 aurum„

194 3147 597 3221 multorum
642 3174 988 3221 annorum
1040 3150 1270 3223 studio
1323 3178 1409 3231 ex
1454 3173 1786 3226 veterum·
1819 3149 2305 3223 monumentis

187 3250 561 3342 effoffum,
585 3248 962 3349 diligenter
992 3251 1409 3351 dispofitum
1431 3253 1798 3353 reperitur.
1856 3251 2043 3325 Mihi
2063 3252 2304 3370 potius

182 3353 642 3452 propolitum
686 3352 862 3447 fuit,
919 3354 1351 3455 quotidianis
1380 3356 1780 3452 theologiae
1806 3355 2303 3447 studiolorum,

183 3454 786 3548 candidatorum,
856 3485 934 3529 ac
979 3456 1383 3531 scholarum
1434 3457 1904 3556 eccleliaeque
1952 3454 2342 3548 ministro-¹

185 3586 356 3634 rum
404 3558 922 3632 neceffitatibus
970 3566 1302 3634 manuali
1341 3563 1573 3635 lexico
1618 3561 2042 3634 succurrere.
2131 3557 2308 3634 Cavi‘

188 3660 448 3759 igitur,
493 3687 584 3734 ue
624 3661 701 3733 in
738 3682 1003 3735 tantam
1046 3664 1232 3737 liber
1271 3663 1696 3737 excresceret
1735 3665 2037 3753 molem,
2088 3681 2167 3733 ut
2216 3659 2316 3734 il-.

186 3764 470 3856 lorum,
510 3766 780 3861 qui-bus
826 3766 1131 3840 maxime
1171 3765 1505 3839 inservire
1557 3767 1853 3859 vellem,
1903 3764 2086 3837 vires
2134 3789 2303 3838 cum

190 3867 563 3937 communi
622 3870 969 3966 temporis
1025 3869 1463 3961 calamitate,
1536 3889 1691 3941 tum
1743 3866 2056 3969 publicis
2118 3864 2299 3939 adeo

191 3967 310 4040 hic
342 3968 498 4041 illic
532 3971 988 4066 vectigalibus
1017 3971 1472 4062 imminutae,
1528 3970 1594 4044 ei
1627 3967 2116 4069 comparando
2152 3979 2298 4041 πίοι]
2325 3977 2332 3982 “

189 4068 614 4143 sufficerent.
691 4073 950 4145 Ab‘ell'c
999 4075 1238 4174 itaque
1278 4073 1470 4170 juffi,
1522 4100 1689 4147 cum
1717 4099 1899 4172 quae
1937 4098 2301 4160 commen-

188 4173 370 4246 tario
421 4172 497 4246 iu
542 4173 617 4258 N
624 4229 642 4250 .
690 4171 779 4248 T.
824 4177 1044 4276 magis
1088 4174 1598 4277 relinquenda,
1649 4204 1866 4272 quam
1911 4173 2140 4246 lexico
2192 4175 2303 4243 in·-

132 4285 135 4288 ’
179 4274 523 4371 serenda,
576 4298 731 4351 tum
782 4306 950 4353 vero
1003 4281 1215 4352 etiam
1263 4305 1445 4379 quae
1481 4278 1553 4351 in
1593 4276 2043 4377 grammatica
2085 4272 2177 4344 N.
2199 4267 2337 4350 -Τ.;

1525 4409 1564 4453 a
1597 4409 1644 4456 ω
